<collection xmlns="http://www.loc.gov/MARC21/slim">
<record>
  <leader>04837nam0a2200745 i 450 </leader>
  <controlfield tag="001">IT\ICCU\CNCE\012469</controlfield>
  <controlfield tag="005">20061219000000.0</controlfield>
  <datafield tag="012" ind1=" " ind2=" ">
    <subfield code="a">2552 ioe- s,di stCa (3) 1584 (R)</subfield>
    <subfield code="2">fei</subfield>
    <subfield code="9">1</subfield>
  </datafield>
  <datafield tag="012" ind1=" " ind2=" ">
    <subfield code="a">a.a- tu,&amp; reu- popa (3) 1585 (R)</subfield>
    <subfield code="2">fei</subfield>
    <subfield code="9">2</subfield>
  </datafield>
  <datafield tag="100" ind1=" " ind2=" ">
    <subfield code="a">19970101g15841585    0itac0103    ba</subfield>
  </datafield>
  <datafield tag="101" ind1=" " ind2=" ">
    <subfield code="a">LAT</subfield>
  </datafield>
  <datafield tag="102" ind1=" " ind2=" ">
    <subfield code="a">IT</subfield>
  </datafield>
  <datafield tag="200" ind1="1" ind2=" ">
    <subfield code="a">Rhetoricorum ad Herennium libri quatuor. M. T. Ciceronis De inuentione libri duo. Omnia ad optima quaeque, eaque vetusta exemplaria, praecipue Victorii ac Pauli Manutij castigata</subfield>
  </datafield>
  <datafield tag="210" ind1=" " ind2=" ">
    <subfield code="a">Venetiis</subfield>
    <subfield code="c">apud Dominicum Nicolinum</subfield>
    <subfield code="d">1584</subfield>
    <subfield code="e">Venetiis</subfield>
    <subfield code="g">apud Dominicum Nicolnum</subfield>
    <subfield code="h">1584</subfield>
  </datafield>
  <datafield tag="215" ind1=" " ind2=" ">
    <subfield code="a">2 v.</subfield>
    <subfield code="d">12ʻ</subfield>
  </datafield>
  <datafield tag="300" ind1=" " ind2=" ">
    <subfield code="a">2: Rhetoricorum secundus tomus. - 1585</subfield>
  </datafield>
  <datafield tag="423" ind1=" " ind2="0">
    <subfield code="1">001IT\ICCU\CNCE\047535</subfield>
    <subfield code="1">2001 </subfield>
    <subfield code="a">Rhetoricorum secundus tomus. 1585</subfield>
  </datafield>
  <datafield tag="500" ind1="1" ind2="0">
    <subfield code="3">IT\ICCU\CNCE\031643</subfield>
    <subfield code="a">Rhetorica ad Herennium</subfield>
  </datafield>
  <datafield tag="620" ind1=" " ind2=" ">
    <subfield code="a">IT</subfield>
    <subfield code="d">Venezia</subfield>
  </datafield>
  <datafield tag="700" ind1=" " ind2="1">
    <subfield code="a">Cicero,</subfield>
    <subfield code="b">Marcus Tullius</subfield>
    <subfield code="3">IT\ICCU\CNCA\002170</subfield>
  </datafield>
  <datafield tag="702" ind1=" " ind2="1">
    <subfield code="a">Vettori,</subfield>
    <subfield code="b">Pietro</subfield>
    <subfield code="3">IT\ICCU\CNCA\000296</subfield>
  </datafield>
  <datafield tag="702" ind1=" " ind2="1">
    <subfield code="a">Manuzio,</subfield>
    <subfield code="b">Paolo</subfield>
    <subfield code="c"> &lt;1512-1574&gt;</subfield>
    <subfield code="3">IT\ICCU\CNCA\000321</subfield>
  </datafield>
  <datafield tag="712" ind1="0" ind2="0">
    <subfield code="a">Nicolini da Sabbio, Domenico</subfield>
    <subfield code="3">IT\ICCU\CNCT\000239</subfield>
    <subfield code="4">650</subfield>
  </datafield>
  <datafield tag="790" ind1=" " ind2="1">
    <subfield code="a">Tullius Cicero,</subfield>
    <subfield code="b">Marcus</subfield>
    <subfield code="3">IT\ICCU\CNCA\020042</subfield>
    <subfield code="z">Cicero, Marcus Tullius</subfield>
  </datafield>
  <datafield tag="790" ind1=" " ind2="1">
    <subfield code="a">Victorius,</subfield>
    <subfield code="b">Petrus</subfield>
    <subfield code="3">IT\ICCU\CNCA\015025</subfield>
    <subfield code="z">Vettori, Pietro</subfield>
  </datafield>
  <datafield tag="790" ind1=" " ind2="1">
    <subfield code="a">Manutius,</subfield>
    <subfield code="b">Paulus</subfield>
    <subfield code="3">IT\ICCU\CNCA\019615</subfield>
    <subfield code="z">Manuzio, Paolo &lt;1512-1574&gt;</subfield>
  </datafield>
  <datafield tag="790" ind1=" " ind2="1">
    <subfield code="a">Manuce,</subfield>
    <subfield code="b">Paul</subfield>
    <subfield code="3">IT\ICCU\CNCA\019616</subfield>
    <subfield code="z">Manuzio, Paolo &lt;1512-1574&gt;</subfield>
  </datafield>
  <datafield tag="791" ind1="0" ind2="0">
    <subfield code="a">Nicolino, Domenico</subfield>
    <subfield code="3">IT\ICCU\CNCT\005116</subfield>
    <subfield code="z">Nicolini da Sabbio, Domenico</subfield>
  </datafield>
  <datafield tag="791" ind1="0" ind2="0">
    <subfield code="a">Nicolinis, Dominicus de</subfield>
    <subfield code="3">IT\ICCU\CNCT\005117</subfield>
    <subfield code="z">Nicolini da Sabbio, Domenico</subfield>
  </datafield>
  <datafield tag="791" ind1="0" ind2="0">
    <subfield code="a">Nicolinus, Dominicus</subfield>
    <subfield code="3">IT\ICCU\CNCT\005118</subfield>
    <subfield code="z">Nicolini da Sabbio, Domenico</subfield>
  </datafield>
  <datafield tag="791" ind1="0" ind2="0">
    <subfield code="a">Nicolini, Domenico</subfield>
    <subfield code="3">IT\ICCU\CNCT\005119</subfield>
    <subfield code="z">Nicolini da Sabbio, Domenico</subfield>
  </datafield>
  <datafield tag="801" ind1=" " ind2="3">
    <subfield code="a">IT</subfield>
    <subfield code="b">ICCU</subfield>
    <subfield code="c">20201113</subfield>
  </datafield>
  <datafield tag="899" ind1=" " ind2=" ">
    <subfield code="a">Biblioteca provinciale Salvatore Tommasi. Bazzano</subfield>
    <subfield code="z">MUTILO</subfield>
    <subfield code="1">AQ0047</subfield>
    <subfield code="2">ABR PR</subfield>
  </datafield>
  <datafield tag="899" ind1=" " ind2=" ">
    <subfield code="a">Biblioteca del Clero di S. Alessandro in Colonna (depositata presso Bibl. mons. G.M. Radini Tedeschi). Bergamo</subfield>
    <subfield code="1">BG0043</subfield>
    <subfield code="2">LO1 56</subfield>
  </datafield>
  <datafield tag="899" ind1=" " ind2=" ">
    <subfield code="a">Biblioteca del Seminario vescovile. Mondov</subfield>
    <subfield code="z">MUTILO</subfield>
    <subfield code="1">CN0066</subfield>
    <subfield code="2">TO0 56</subfield>
  </datafield>
  <datafield tag="899" ind1=" " ind2=" ">
    <subfield code="a">Biblioteca comunale. Como</subfield>
    <subfield code="1">CO0059</subfield>
    <subfield code="2">ZCO 01</subfield>
  </datafield>
  <datafield tag="899" ind1=" " ind2=" ">
    <subfield code="a">Biblioteca della Pontificia universit ̉Urbaniana. Citt ̉del Vaticano</subfield>
    <subfield code="z">MUTILO</subfield>
    <subfield code="1">EX0003</subfield>
    <subfield code="2">ZCV 04</subfield>
  </datafield>
  <datafield tag="899" ind1=" " ind2=" ">
    <subfield code="a">Pontificia Biblioteca Antoniana. Padova</subfield>
    <subfield code="1">EX0020</subfield>
    <subfield code="2">PUV 78</subfield>
  </datafield>
  <datafield tag="899" ind1=" " ind2=" ">
    <subfield code="a">Biblioteca del Seminario arcivescovile. Ferrara</subfield>
    <subfield code="1">FE0009</subfield>
    <subfield code="2">PBE L8</subfield>
  </datafield>
  <datafield tag="899" ind1=" " ind2=" ">
    <subfield code="a">Biblioteca Giovardiana. Veroli</subfield>
    <subfield code="z">MUTILO</subfield>
    <subfield code="1">FR0072</subfield>
    <subfield code="2">RMS G1</subfield>
  </datafield>
  <datafield tag="899" ind1=" " ind2=" ">
    <subfield code="a">Biblioteca del Convento di San Prospero. Camogli</subfield>
    <subfield code="1">GE0003</subfield>
    <subfield code="2">LIG 82</subfield>
  </datafield>
  <datafield tag="899" ind1=" " ind2=" ">
    <subfield code="a">Biblioteca statale. Lucca</subfield>
    <subfield code="1">LU0022</subfield>
    <subfield code="2">LUA BL</subfield>
  </datafield>
  <datafield tag="899" ind1=" " ind2=" ">
    <subfield code="a">Biblioteca centrale della Facolt ̉di lettere e filosofia dell&apos;Universit ̉degli studi di Macerata. Macerata</subfield>
    <subfield code="z">MUTILO</subfield>
    <subfield code="1">MC0170</subfield>
    <subfield code="2">UMC BL</subfield>
  </datafield>
  <datafield tag="899" ind1=" " ind2=" ">
    <subfield code="a">Biblioteca provinciale dei frati minori cappuccini Madonna di Pompei. Messina</subfield>
    <subfield code="z">MUTILO</subfield>
    <subfield code="1">ME0179</subfield>
    <subfield code="2">MES FC</subfield>
  </datafield>
  <datafield tag="899" ind1=" " ind2=" ">
    <subfield code="a">Biblioteca Ambrosiana. Milano</subfield>
    <subfield code="z">MUTILO</subfield>
    <subfield code="1">MI0133</subfield>
    <subfield code="2">VBA 01</subfield>
  </datafield>
  <datafield tag="899" ind1=" " ind2=" ">
    <subfield code="a">Biblioteca comunale Teresiana. Mantova</subfield>
    <subfield code="1">MN0035</subfield>
    <subfield code="2">LO1 12</subfield>
  </datafield>
  <datafield tag="899" ind1=" " ind2=" ">
    <subfield code="a">Biblioteca del Seminario vescovile. Carpi</subfield>
    <subfield code="z">MUTILO</subfield>
    <subfield code="1">MO0013</subfield>
    <subfield code="2">ZMO 14</subfield>
  </datafield>
  <datafield tag="899" ind1=" " ind2=" ">
    <subfield code="a">Biblioteca universitaria. Padova</subfield>
    <subfield code="z">MUTILO</subfield>
    <subfield code="1">PD0158</subfield>
    <subfield code="2">PUV 00</subfield>
  </datafield>
  <datafield tag="899" ind1=" " ind2=" ">
    <subfield code="a">Biblioteca centrale dell&apos;Area umanistica dell&apos;Universit ̉degli studi di Urbino. Urbino</subfield>
    <subfield code="z">MUTILO</subfield>
    <subfield code="1">PU0206</subfield>
    <subfield code="2">URB AU</subfield>
  </datafield>
  <datafield tag="899" ind1=" " ind2=" ">
    <subfield code="a">Biblioteca civica Carlo Bonetta. Pavia</subfield>
    <subfield code="1">PV0071</subfield>
    <subfield code="2">PAV 01</subfield>
  </datafield>
  <datafield tag="899" ind1=" " ind2=" ">
    <subfield code="a">Biblioteca comunale Classense. Ravenna</subfield>
    <subfield code="z">MUTILO</subfield>
    <subfield code="1">RA0036</subfield>
    <subfield code="2">RAV CL</subfield>
  </datafield>
  <datafield tag="899" ind1=" " ind2=" ">
    <subfield code="a">Biblioteca nazionale centrale. Roma</subfield>
    <subfield code="1">RM0267</subfield>
    <subfield code="2">BVE CR</subfield>
  </datafield>
  <datafield tag="899" ind1=" " ind2=" ">
    <subfield code="a">Biblioteca universitaria Alessandrina. Roma</subfield>
    <subfield code="1">RM0280</subfield>
    <subfield code="2">RML 01</subfield>
  </datafield>
  <datafield tag="899" ind1=" " ind2=" ">
    <subfield code="a">Biblioteca dell&apos;Accademia nazionale dei Lincei e Corsiniana. Roma</subfield>
    <subfield code="1">RM0418</subfield>
    <subfield code="2">RML 10</subfield>
  </datafield>
  <datafield tag="899" ind1=" " ind2=" ">
    <subfield code="a">Biblioteca del Teresianum. Roma</subfield>
    <subfield code="1">RM0716</subfield>
    <subfield code="2">ZRM 46</subfield>
  </datafield>
  <datafield tag="899" ind1=" " ind2=" ">
    <subfield code="a">Biblioteca centrale Giorgio Petrocchi dell&apos;Universit ̉degli studi di Roma Tre. Roma</subfield>
    <subfield code="z">MUTILO</subfield>
    <subfield code="1">RM1046</subfield>
    <subfield code="2">ZRM 05</subfield>
  </datafield>
  <datafield tag="899" ind1=" " ind2=" ">
    <subfield code="a">Biblioteca civica Ubaldo Mazzini. Fondi antichi. La Spezia</subfield>
    <subfield code="z">MUTILO</subfield>
    <subfield code="1">SP0110</subfield>
    <subfield code="2">LI2 L8</subfield>
  </datafield>
  <datafield tag="899" ind1=" " ind2=" ">
    <subfield code="a">Biblioteca civica. Atri</subfield>
    <subfield code="1">TE0003</subfield>
    <subfield code="2">ABR RB</subfield>
  </datafield>
  <datafield tag="899" ind1=" " ind2=" ">
    <subfield code="a">Fondazione Biblioteca S. Bernardino. Trento</subfield>
    <subfield code="1">TN0122</subfield>
    <subfield code="2">ZTN 18</subfield>
  </datafield>
  <datafield tag="899" ind1=" " ind2=" ">
    <subfield code="a">Biblioteca provinciale dei padri Cappuccini. Trento</subfield>
    <subfield code="1">TN0134</subfield>
    <subfield code="2">ZTN 02</subfield>
  </datafield>
  <datafield tag="899" ind1=" " ind2=" ">
    <subfield code="a">Biblioteca civica centrale Camillo Alliaudi. Pinerolo</subfield>
    <subfield code="1">TO0162</subfield>
    <subfield code="2">TO1 58</subfield>
  </datafield>
  <datafield tag="899" ind1=" " ind2=" ">
    <subfield code="a">Biblioteca dell&apos;Archivio provinciale dei frati minori cappuccini. Mestre</subfield>
    <subfield code="z">MUTILO</subfield>
    <subfield code="1">VE0111</subfield>
    <subfield code="2">ZVE 16</subfield>
  </datafield>
  <datafield tag="899" ind1=" " ind2=" ">
    <subfield code="a">Biblioteca dell&apos;Istituto veneto di scienze, lettere ed arti. Venezia</subfield>
    <subfield code="z">MUTILO</subfield>
    <subfield code="1">VE0237</subfield>
    <subfield code="2">VEA IV</subfield>
  </datafield>
  <datafield tag="911" ind1=" " ind2=" ">
    <subfield code="a">nel front e nel coloph.</subfield>
    <subfield code="9">IT\ICCU\CNCM\000176</subfield>
  </datafield>
  <datafield tag="921" ind1=" " ind2=" ">
    <subfield code="a">IT\ICCU\CNCM\000176</subfield>
    <subfield code="b">Vittoria (donna alata tiene nelle mani una corona d&apos;alloro e un ramo di palma). In cornice figurata</subfield>
    <subfield code="e">Nisi qui legitime certaverit.</subfield>
    <subfield code="c">Z1210</subfield>
    <subfield code="d">Dimenioni: 2,3 x 2,8</subfield>
    <subfield code="f">NISIQUILEG</subfield>
    <subfield code="f">OLIVO</subfield>
    <subfield code="f">PALMA</subfield>
    <subfield code="f">VITTORIA</subfield>
    <subfield code="g">1575-1592</subfield>
  </datafield>
</record>
</collection>
